@ARTICLE{5713296, 
author={Ortiz, S.}, 
journal={Computer}, title={Is Peer-to-Peer on the Decline?}, 
year={2011}, 
month={feb. }, 
volume={44}, 
number={2}, 
pages={11 -13}, 
keywords={Internet;content access;peer-to-peer technology;Internet;peer-to-peer computing;}, 
doi={10.1109/MC.2011.51}, 
ISSN={0018-9162},}

@ARTICLE{IRM, 
author={Haiying Shen}, 
journal={Parallel and Distributed Systems, IEEE Transactions on}, title={IRM: Integrated File Replication and Consistency Maintenance in P2P Systems}, 
year=2010, 
month={jan. }, 
volume={21}, 
number={1}, 
pages={100 -113}, 
keywords={IRM;P2P systems;consistency maintenance;high system performance;integrated file replication;message spreading;peer-to-peer file sharing systems;time-varying file query;peer-to-peer computing;program diagnostics;query processing;replicated databases;}, 
doi={10.1109/TPDS.2009.43}, 
ISSN={1045-9219},}



@article{Gilbert:2002:BCF:564585.564601,
 author = {Gilbert, Seth and Lynch, Nancy},
 title = {Brewer's conjecture and the feasibility of consistent, available, partition-tolerant web services},
 journal = {SIGACT News},
 volume = {33},
 issue = {2},
 month = {June},
 year = {2002},
 issn = {0163-5700},
 pages = {51--59},
 numpages = {9},
 url = {http://doi.acm.org/10.1145/564585.564601},
 doi = {http://doi.acm.org/10.1145/564585.564601},
 acmid = {564601},
 publisher = {ACM},
 address = {New York, NY, USA},
} 

@INPROCEEDINGS{4456827, 
author={Ulusoy, O.}, 
booktitle={Computer and information sciences, 2007. iscis 2007. 22nd international symposium on}, title={Research issues in Peer-to-Peer data management}, 
year={2007}, 
month={nov.}, 
volume={}, 
number={}, 
pages={1 -8}, 
keywords={overlay network;peer-to-peer data management;query processing;peer-to-peer computing;query processing;}, 
doi={10.1109/ISCIS.2007.4456827}, 
ISSN={},}



@article{Chord,
 author = {Stoica, Ion and Morris, Robert and Karger, David and Kaashoek, M. Frans and Balakrishnan, Hari},
 title = {Chord: A scalable peer-to-peer lookup service for internet applications},
 journal = {SIGCOMM Comput. Commun. Rev.},
 issue_date = {October 2001},
 volume = {31},
 issue = {4},
 month = {August},
 year = {2001},
 issn = {0146-4833},
 pages = {149--160},
 numpages = {12},
 url = {http://doi.acm.org/10.1145/964723.383071},
 doi = {http://doi.acm.org/10.1145/964723.383071},
 acmid = {383071},
 publisher = {ACM},
 address = {New York, NY, USA},
} 

@TECHREPORT{Overview,
    author = {Chonggang Wang and Bo Li},
    title = {Peer-to-Peer Overlay Networks: A Survey},
    institution = {},
    year = {2003}
}


@ARTICLE{SurveyCompare, 
author={ Eng Keong Lua and Crowcroft, J. and Pias, M. and Sharma, R. and Lim, S.}, 
journal={Communications Surveys Tutorials, IEEE}, 
title={A survey and comparison of peer-to-peer overlay network schemes}, 
year={2005}, 
month={quarter}, 
volume={7}, 
number={2}, 
pages={ 72 - 93}, 
keywords={}, 
doi={10.1109/COMST.2005.1610546}, 
ISSN={1553-877X},}


@inproceedings{Lv:2002:SRU:514191.514206,
 author = {Lv, Qin and Cao, Pei and Cohen, Edith and Li, Kai and Shenker, Scott},
 title = {Search and replication in unstructured peer-to-peer networks},
 booktitle = {Proceedings of the 16th international conference on Supercomputing},
 series = {ICS '02},
 year = {2002},
 isbn = {1-58113-483-5},
 location = {New York, New York, USA},
 pages = {84--95},
 numpages = {12},
 url = {http://doi.acm.org/10.1145/514191.514206},
 doi = {10.1145/514191.514206},
 acmid = {514206},
 publisher = {ACM},
 address = {New York, NY, USA},
 keywords = {peer-to-peer, replication, search, unstructured},
} 



@inproceedings{Peersim,
	Author = {Alberto Montresor and M\'{a}rk Jelasity},
	Title = {{PeerSim}: A Scalable {P2P} Simulator},
	Booktitle = {Proc. of the 9th Int. Conference on Peer-to-Peer (P2P'09)},
	Year = {2009},
	Month = sep,
	Pages = {99-100},
	Address = {Seattle, WA},
}

@MISC{KademliaPeersim,
	author= {Bonani, M. and Furlan, D.},
	title={A Kademlia Module for Peersim},
	howpublished= {http://peersim.sourceforge.net/code/kademlia.zip},
}

@MISC{Kademlia,
    author = {Petar Maymounkov and David Mazières},
    title = {Kademlia: A Peer-to-peer Information System Based on the XOR Metric},
    year = {2002},
}


@MISC{Crosby07ananalysis,
    author = {Scott A. Crosby and Dan S. Wallach},
    title = {An Analysis of BitTorrent’s Two Kademlia-Based DHTs},
    year = {2007}
}

@INPROCEEDINGS{P2PMMO, 
author={Miller, J.L. and Crowcroft, J.}, 
booktitle={Network and Systems Support for Games (NetGames), 2010 9th Annual Workshop on}, 
title={The near-term feasibility of P2P MMOG's}, 
year={2010}, 
month={nov.}, 
volume={}, 
number={}, 
pages={1 -6}, 
keywords={P2P MMOG;P2P pub-sub solution;World of Warcraft;client-server architecture;distributed topologies;distributed virtual environments;massively multiplayer online game;message propagation;residential broadband connections;broadband networks;client-server systems;computer games;message passing;peer-to-peer computing;}, 
doi={10.1109/NETGAMES.2010.5679578}, 
ISSN={2156-8138},}

@article{P2PLegal,
 author = {Rodriguez, Pablo and Tan, See-Mong and Gkantsidis, Christos},
 title = {On the feasibility of commercial, legal P2P content distribution},
 journal = {SIGCOMM Comput. Commun. Rev.},
 volume = {36},
 issue = {1},
 month = {January},
 year = {2006},
 issn = {0146-4833},
 pages = {75--78},
 numpages = {4},
 url = {http://doi.acm.org/10.1145/1111322.1111339},
 doi = {http://doi.acm.org/10.1145/1111322.1111339},
 acmid = {1111339},
 publisher = {ACM},
 address = {New York, NY, USA},
 keywords = {P2P, content distribution},
}

 @ARTICLE{Piracy, 
author={Xiaosong Lou and Kai Hwang}, 
journal={Computers, IEEE Transactions on}, 
title={Collusive Piracy Prevention in P2P Content Delivery Networks}, 
year={2009}, 
month={july }, 
volume={58}, 
number={7}, 
pages={970 -983}, 
keywords={P2P content delivery network;collusive piracy prevention;copyright infringement;file sharing;identity-based signature;intellectual property violation;network security;peer authorization protocol;poison-resilient network;proactive content poisoning scheme;time-stamped token;authorisation;computer crime;copyright;cryptographic protocols;digital signatures;peer-to-peer computing;telecommunication security;}, 
doi={10.1109/TC.2009.26}, 
ISSN={0018-9340},} 


@INPROCEEDINGS{BitTorrent, 
author={Jimenez, R. and Osmani, F. and Knutsson, B.}, 
booktitle={Peer-to-Peer Computing, 2009. P2P '09. IEEE Ninth International Conference on}, 
title={Connectivity properties of Mainline BitTorrent DHT nodes}, 
year={2009}, 
month={sept.}, 
volume={}, 
number={}, 
pages={262 -270}, 
keywords={BitTorrent distributed hash table nodes;FTP;HTTP;Kademlia;Napster;connectivity properties;decentralized peer discovery;peer-to-peer protocols;transfer mechanism;peer-to-peer computing;protocols;}, 
doi={10.1109/P2P.2009.5284530}, 
ISSN={},}

@INPROCEEDINGS{Curtmola10censorship-resistantpublishing,
    author = {Emiran Curtmola and Alin Deutsch},
    title = {Censorship-resistant Publishing},
    booktitle = {In Technical Report CS2010-0956},
    year = {2010}
}

@MISC{Chordpic,
	author ={Seth Terashima},
	title = {A 16 Node Chord Network},
	note ={http://goo.gl/9YfHv},
}


@inproceedings{hagberg-2008-exploring,
author = {Aric A. Hagberg and Daniel A. Schult and Pieter J. Swart},
title = {Exploring network structure, dynamics, and function using {NetworkX}},
year = {2008},
month = Aug,
urlpdf = {http://math.lanl.gov/~hagberg/Papers/hagberg-2008-exploring.pdf},
booktitle = {Proceedings of the 7th Python in Science Conference (SciPy2008)},
editors = {G\"{a}el Varoquaux, Travis Vaught, and Jarrod Millman},
address = {Pasadena, CA USA},
pages = {11--15}
}


@MISC{IRMLP,
	author = {Brendan Benshoof and Andrew Rosen}, 
	title ={Chord and IRM Simulation},
	note = {https://github.com/BrendanBenshoof/IRM\_LP\_SIM},
}
@inproceedings{chehai2006analysis,
  title={Analysis of content availability optimization in BitTorrent},
  author={Chehai, WU and Xianliang, LU and Hancong, D. and Hui, T. and Xu, Z. and Zhijun, Z.},
  booktitle={Hybrid Information Technology, 2006. ICHIT'06. International Conference on},
  volume={1},
  pages={525--529},
  year={2006},
  organization={IEEE}
}